@ARTICLE{cooray2016cdim2page,
   author = {{Cooray}, A. and {Bock}, J. and {Burgarella}, D. and {Chary}, R. and
	{Chang}, T.-C. and {Dor{\'e}}, O. and {Fazio}, G. and {Ferrara}, A. and
	{Gong}, Y. and {Santos}, M. and {Silva}, M. and {Zemcov}, M.
	},
    title = "{Cosmic Dawn Intensity Mapper}",
  journal = {ArXiv e-prints},
archivePrefix = "arXiv",
   eprint = {1602.05178},
 keywords = {Astrophysics - Cosmology and Nongalactic Astrophysics},
     year = 2016,
    month = feb,
   adsurl = {http://adsabs.harvard.edu/abs/2016arXiv160205178C},
  adsnote = {Provided by the SAO/NASA Astrophysics Data System}
}
@misc{probeclasswp,
  author  = "Jennifer Wiseman and Mark Clampin and William Danchi and John Mather and William Oegerle and Richard Barry and Wes Traub and Karl Stapelfeldt and Jack Lissauer and William Borucki and Tom Greene and David Bennett and Ken Johnston",
  year    = "2015",
  title   = "Space-Based “Probe Class” Missions for Exoplanet Research",
  note    = "\url{https://science.gsfc.nasa.gov/667/whitepapers/ProbeClassMissions_whitepaper.pdf}"}
@book{gilmore2003spacecraft,
  title={Spacecraft Thermal Control Handbook: Cryogenics},
  author={Gilmore, D.G. and Donabedian, M.},
  isbn={9781884989148},
  lccn={2002013535},
  series={Spacecraft Thermal Control Handbook},
  url={https://books.google.com/books?id=x5NTAAAAMAAJ},
  year={2003},
  publisher={Aerospace Press}
}
